@article{Hinterberger:1005042,
      author        = "Hinterberger, F",
      title         = "{Electrostatic accelerators}",
      year          = "2006",
      url           = "https://cds.cern.ch/record/1005042",
      doi           = "10.5170/CERN-2006-012.95",
}

@article{andrade1971aceleradores,
  title={Aceleradores de part{\'\i}culas},
  author={Andrade, Fernando Alba},
  journal={DFN-SMF},
  pages={329},
  year={1971},
  publisher={Citeseer}
}

@book{garcia2007subatomic,
  title={Subatomic Physics},
  author={Garcia, Alejandro and Henley, Ernest M},
  year={2007},
  publisher={World Scientific Publishing Company}
}

@book{conte2008introduction,
  title={Introduction To The Physics Of Particle Accelerators, An},
  author={Conte, Mario and MacKay, William W},
  year={2008},
  publisher={World Scientific Publishing Company}
}

@article{moreno2020aceleradores,
  title={ACELERADORES DE PART{\'I}CULAS},
  author={Moreno, Mat{\'\i}as},
  journal={Analog{\'\i}as y conexiones en la F{\'\i}sica},
  pages={461},
  year={2020}
}

@book{das2003introduction,
  title={Introduction to nuclear and particle physics},
  author={Das, Ashok and Ferbel, Thomas},
  year={2003},
  publisher={World Scientific}
}

@book{krane1991introductory,
  title={Introductory nuclear physics},
  author={Krane, Kenneth S},
  year={1991},
  publisher={John Wiley \& Sons}
}

@article{herb1971pelletron,
  title={The pelletron accelerator},
  author={Herb, RG},
  journal={IEEE Transactions on Nuclear Science},
  volume={18},
  number={3},
  pages={71--75},
  year={1971},
  publisher={IEEE}
}

@article{amaldi2000importance,
  title={The importance of particle accelerators},
  author={Amaldi, Ugo},
  journal={europhysics news},
  volume={31},
  number={6},
  pages={5--9},
  year={2000},
  publisher={EDP Sciences}
}

@article{chernyaev2014particle,
  title={Particle accelerators in modern world},
  author={Chernyaev, AP and Varzar, SM},
  journal={Physics of Atomic Nuclei},
  volume={77},
  pages={1203--1215},
  year={2014},
  publisher={Springer}
}